% Encoding: UTF-8

@Misc{Wikipedia2021a,
  author    = {Wikipedia},
  note      = {[Internet; descargado 8-febrero-2021]},
  title     = {Kadio Company Ltd.},
  year      = {2021},
  owner     = {Claudio Duchi},
  timestamp = {2021-02-08},
  url       = {https://es.wikipedia.org/w/index.php?title=Kadio_Company_Ltd.&oldid=124024737},
}

@Misc{Sebastian2002,
  author    = {Sebastian, Mike},
  title     = {Calculator {Forensics}},
  year      = {2002},
  copyright = {2000, 2001, 2002 Mike Sebastian},
  journal   = {Calculator Forensics},
  owner     = {Claudio Duchi},
  timestamp = {2021-02-14},
  type      = {Blog},
  url       = {http://www.rskey.org/~mwsebastian/miscprj/forensics.htm},
  urldate   = {2021-02-10},
}

@Misc{Abillo2005,
  author     = {Abillo, Valentin},
  title      = {asin(acos(atan(tan(cos(sin(7))))))},
  year       = {2005},
  journal    = {The Museum of HP Calculators},
  language   = {English},
  owner      = {Claudio Duchi},
  shorttitle = {Archivio forum {HP} 14},
  timestamp  = {2021-02-14},
  type       = {Blog},
  url        = {https://www.hpmuseum.org/cgi-sys/cgiwrap/hpmuseum/archv014.cgi?read=69026},
  urldate    = {2021-02-10},
}

@Misc{Sebastian2007,
  author    = {Sebastian, Mike},
  title     = {Calculator {Technical} {Information}},
  year      = {2007},
  copyright = {Mike Sebastian},
  journal   = {Calculator Technical Information},
  owner     = {Claudio Duchi},
  timestamp = {2021-02-14},
  url       = {http://www.calcinfo.com/},
  urldate   = {2021-02-14},
}

@Misc{Woerner2021,
  author    = {Woerner, Joerg},
  title     = {Datamath {Calculator} {Museum}},
  year      = {2021},
  copyright = {Joerg Woerner, January 13, 2001},
  journal   = {Datamath Calculator Museum},
  language  = {Inglese},
  owner     = {Claudio Duchi},
  timestamp = {2021-02-14},
  url       = {http://www.datamath.org/index.htm},
  urldate   = {2021-02-14},
}

@Misc{kobayashi-lab,
  author    = {kobayashi-lab},
  title     = {Calcolatrici},
  language  = {Giapponese},
  owner     = {Claudio Duchi},
  timestamp = {2021-02-14},
  type      = {blog},
  url       = {https://www.oit.ac.jp/rd/labs/kobayashi-lab/~yagshi/calculators/index.html},
  urldate   = {2021-02-14},
}

@Misc{Wikipedia2021,
  author    = {Wikipedia},
  month     = feb,
  note      = {[Online; in data 14-febbraio-2021]},
  title     = {Casio},
  year      = {2021},
  owner     = {Claudio Duchi},
  timestamp = {2021-02-14},
  url       = {http://it.wikipedia.org/w/index.php?title=Casio&oldid=118241297},
}

@Comment{jabref-meta: databaseType:bibtex;}
